@webpage{IntergalacticCN,
	Date-Added = {2019-03-11 21:37:50 +0800},
	Date-Modified = {2019-03-11 21:38:30 +0800},
	Title = {Intergalactic Computer Network},
	Url = {https://en.wikipedia.org/wiki/Intergalactic_Computer_Network}}

@webpage{ARPANET,
	Date-Added = {2019-03-11 22:13:26 +0800},
	Date-Modified = {2019-03-11 22:13:48 +0800},
	Title = {ARPANET},
	Url = {https://en.wikipedia.org/wiki/ARPANET}}

@webpage{DARPA,
	Date-Added = {2019-03-11 22:14:41 +0800},
	Date-Modified = {2019-03-11 22:14:57 +0800},
	Title = {DARPA},
	Url = {https://www.darpa.mil/}}

@webpage{CSNET,
	Date-Added = {2019-03-11 22:15:55 +0800},
	Date-Modified = {2019-03-11 22:16:11 +0800},
	Title = {CSNET},
	Url = {https://en.wikipedia.org/wiki/CSNET}}

@webpage{50milUsers,
	Date-Added = {2019-03-12 11:47:03 +0800},
	Date-Modified = {2019-03-12 11:47:31 +0800},
	Title = {How Long Does It Take to Hit 50 Million Users?},
	Url = {https://www.visualcapitalist.com/how-long-does-it-take-to-hit-50-million-users/}}

@webpage{CopyrightHowLong,
	Date-Added = {2019-03-12 11:52:23 +0800},
	Date-Modified = {2019-03-12 11:53:07 +0800},
	Title = {How Long Does Copyright Protection Last?},
	Url = {https://www.copyright.gov/help/faq/faq-duration.html}}

@article{AnonymousEgypt,
	Date-Added = {2019-03-12 17:45:06 +0800},
	Date-Modified = {2019-03-12 17:45:34 +0800},
	Title = {No Internet? No Problem! Anonymous Faxes Egypt},
	Url = {http://claysbeach.blogspot.com/2011/01/no-internet-no-problem-anonymous-faxes_5602.html}}

@webpage{DavidC,
	Date-Added = {2019-03-12 18:09:46 +0800},
	Date-Modified = {2019-03-12 18:10:36 +0800},
	Title = {David D.Clark},
	Url = {https://en.wikiquote.org/wiki/David_D._Clark}}

@rfc{Cerf:2002:IE:RFC3271,
 author = {Cerf, V.},
 title = {The Internet is for Everyone},
 year = {2002},
 publisher = {RFC Editor},
 address = {United States}} 
 
@webpage{snowden,
	Date-Added = {2019-03-12 18:36:30 +0800},
	Date-Modified = {2019-03-12 18:36:38 +0800},
	Url = {https://en.wikipedia.org/wiki/Edward_Snowden}}

@webpage{tor,
	Date-Added = {2019-03-12 18:38:51 +0800},
	Date-Modified = {2019-03-12 18:39:25 +0800},
	Title = {TOR Project},
	Url = {https://www.torproject.org/projects/torbrowser.html.en}}
